<record><leader>00000cas a22000007a 4500</leader><controlfield tag="001">17197132</controlfield><controlfield tag="008">871207c19709999nyuwr ne      0    0eng d</controlfield><datafield ind1=" " ind2=" " tag="010"><subfield code="a">sn 87070440 </subfield></datafield><datafield ind1=" " ind2=" " tag="040"><subfield code="a">NYS</subfield><subfield code="b">eng</subfield><subfield code="c">NYS</subfield><subfield code="d">OCLCQ</subfield></datafield><datafield ind1=" " ind2=" " tag="042"><subfield code="a">msc</subfield></datafield><datafield ind1="0" ind2="0" tag="245"><subfield code="a">Greenbush area news.</subfield></datafield><datafield ind1=" " ind2=" " tag="260"><subfield code="a">[East Greenbush, N.Y.] :</subfield><subfield code="b">A.F. Di Bello</subfield></datafield><datafield ind1=" " ind2=" " tag="300"><subfield code="a">v.</subfield></datafield><datafield ind1=" " ind2=" " tag="310"><subfield code="a">Weekly</subfield></datafield><datafield ind1="0" ind2=" " tag="362"><subfield code="a">Vol. 1, no. 1 (Mar. 18, 1970)-</subfield></datafield><datafield ind1=" " ind2=" " tag="500"><subfield code="a">From Apr. 1, 1986 published by Di Bello Pub. Co.</subfield></datafield><datafield ind1=" " ind2=" " tag="515"><subfield code="a">Between Apr. 8, 1971 and Mar. 20, 1979, the volume numbering replaced by year numbering.</subfield></datafield><datafield ind1=" " ind2="4" tag="651"><subfield code="a">East Greenbush (N.Y.)</subfield><subfield code="v">Newspapers.</subfield></datafield><datafield ind1=" " ind2=" " tag="752"><subfield code="a">United States</subfield><subfield code="b">New York</subfield><subfield code="c">Rensselaer</subfield><subfield code="d">East Greenbush.</subfield></datafield><datafield ind1="1" ind2=" " tag="029"><subfield code="a">AU@</subfield><subfield code="b">000025798185</subfield></datafield></record>